@techreport{aii,
title={The AI Index 2019 Annual Report},
author={Raymond Perrault and Yoav Shoham and Erik Brynjolfsson and Jack Clark and John Etchemendy and Barbara Grosz and Terah Lyons and James Manyika and Saurabh Mishra and Juan Carlos Niebles},
year={2019},
institution={Stanford University}
}
@misc{ImageNet,
  author = {L. Fei-Fei and O. Russakovsky},
  title = {Analysis of Large-Scale Visual Recognition},
  year = {2013},
}

@misc{WHO,
  author = {World and Health and Organization},
  url = {https://www.who.int/}
}

@misc{Waymo,
  title = {Waymo - Google self-driving car},
  author = {Waymo}, 
  url = {https://waymo.com/},
  year = {2009}
}

@article{mcculloch1943logical,
  title={A logical calculus of the ideas immanent in nervous activity},
  author={McCulloch, Warren S and Pitts, Walter},
  journal={The bulletin of mathematical biophysics},
  volume={5},
  number={4},
  pages={115--133},
  year={1943},
  publisher={Springer}
}

@article{rosenblatt1960perceptron,
  title={Perceptron simulation experiments},
  author={Rosenblatt, Frank},
  journal={Proceedings of the IRE},
  volume={48},
  number={3},
  pages={301--309},
  year={1960},
  publisher={IEEE}
}

@misc{Perceptrons,
  author = {Mohit Deshpande},
  title = {Perceptrons: The First Neural Networks},
  url = {https://pythonmachinelearning.pro/perceptrons-the-first-neural-networks/},
  year = {2017}
}

@Misc{cs231,
  key =		 {cs-231},
  author =  {Li Fei-Fei},
  title =	 {Detection and segmentation},
  howpublished = {\url{http://cs231n.stanford.edu/slides/2017/cs231n_2017_lecture11.pdf}},
  year =	 {2017}
}

@Misc{locv,
  key =		 {locv17},
  author =  {Aditya Sharma}, 
  title =	 {Understanding Activation Functions in Deep Learning},
  howpublished = {\url{https://www.learnopencv.com/understanding-activation-functions-in-deep-learning/}},
  year =	 {2017}
}

@article{hubel1962receptive,
  title={Receptive fields, binocular interaction and functional architecture in the cat's visual cortex},
  author={Hubel, David H and Wiesel, Torsten N},
  journal={The Journal of physiology},
  volume={160},
  number={1},
  pages={106--154},
  year={1962},
  publisher={Wiley Online Library}
}

@article{lecun1998gradient,
  title={Gradient-based learning applied to document recognition},
  author={LeCun, Yann and Bottou, L{\'e}on and Bengio, Yoshua and Haffner, Patrick and others},
  journal={Proceedings of the IEEE},
  volume={86},
  number={11},
  pages={2278--2324},
  year={1998},
  publisher={Taipei, Taiwan}
}

@Misc{VoPa,
  key =		 {VoPa17},
  title =	 {Introduction To Convolutional Neural Networks},
  author =   {Vojtech Pavlovsky},
  howpublished = {\url{https://www.vaetas.cz/posts/intro-convolutional-neural-networks/}},
  year =	 {2017}
}

@Book{Elgendy,
  author =	 {Mohamed Elgendy},
  title =	 {Deep Learning for Vision Systems},
  year =	 {2020},
  publisher = {Manning Publications}
}

@Misc{JJ,
  key =		 {JJ},
  title =	 {An overview of semantic image segmentation.},
  author =   {Jeremy Jordan},
  howpublished = {\url{https://www.jeremyjordan.me/semantic-segmentation/}},
  year =	 {2018}
}

@Misc{JJ1,
  key =		 {JJ1},
  title =	 {An overview of object detection: one-stage methods.},
  author =   {Jeremy Jordan},
  howpublished = {\url{https://www.jeremyjordan.me/object-detection-one-stage/}},
  year =	 {2018}
}

@Misc{Nms,
  key =		 {Nms},
  title =	 {Non-maximum Suppression (NMS)},
  author =   {K. Sambasivarao},
  howpublished = {\url{https://towardsdatascience.com/non-maximum-suppression-nms-93ce178e177c}},
  year =	 {2019}
}

@Misc{AnnieWay,
  key =		 {AnnieWay},
  title =	 {Team AnnieWAY, KIT, Germany},
  author =   {AnnieWAY},
  howpublished = {\url{https://www.mrt.kit.edu/annieway/team.html}},
  year =	 {2006}
}
Tzutalin. LabelImg. Git code

@Misc{LabelImg,
  key =		 {LabelImg},
  title =	 {LabelImg},
  author =   {Tzutalin},
  howpublished = {\url{https://github.com/tzutalin/labelImg}},
  year =	 {2015}
}

@inproceedings{long2015fully,
  title={Fully convolutional networks for semantic segmentation},
  author={Long, Jonathan and Shelhamer, Evan and Darrell, Trevor},
  booktitle={Proceedings of the IEEE conference on computer vision and pattern recognition},
  pages={3431--3440},
  year={2015}
}

@article{simonyan2014very,
  title={Very deep convolutional networks for large-scale image recognition},
  author={Simonyan, Karen and Zisserman, Andrew},
  journal={arXiv preprint arXiv:1409.1556},
  year={2014}
}

@inproceedings{krizhevsky2012imagenet,
  title={Imagenet classification with deep convolutional neural networks},
  author={Krizhevsky, Alex and Sutskever, Ilya and Hinton, Geoffrey E},
  booktitle={Advances in neural information processing systems},
  pages={1097--1105},
  year={2012}
}

@inproceedings{liu2016ssd,
  title={Ssd: Single shot multibox detector},
  author={Liu, Wei and Anguelov, Dragomir and Erhan, Dumitru and Szegedy, Christian and Reed, Scott and Fu, Cheng-Yang and Berg, Alexander C},
  booktitle={European conference on computer vision},
  pages={21--37},
  year={2016},
  organization={Springer}
}

@Misc{AI-Dairy,
  key =		 {AI-Dairy},
  title =	 {Object Detection with Single Shot Multibox Detector},
  author =   {Zarreen Naowal Reza},
  howpublished = {\url{https://ai-diary-by-znreza.com/object-detection-with-single-shot-multibox-detector}},
  year =	 {2019}
}

@InProceedings{Girshick_2015_ICCV,
author = {Girshick, Ross},
title = {Fast R-CNN},
booktitle = {The IEEE International Conference on Computer Vision (ICCV)},
month = {December},
year = {2015}
}

@article{ioffe2015batch,
  title={Batch normalization: Accelerating deep network training by reducing internal covariate shift},
  author={Ioffe, Sergey and Szegedy, Christian},
  journal={arXiv preprint arXiv:1502.03167},
  year={2015}
}


@article{dollar2009integral,
  title={Integral channel features},
  author={Doll{\'a}r, Piotr and Tu, Zhuowen and Perona, Pietro and Belongie, Serge},
  year={2009},
  publisher={BMVC Press}
}

@inproceedings{huang2010image,
  title={Image segmentation using edge detection and region distribution},
  author={Huang, Yong-Ren and Kuo, Chung-Ming},
  booktitle={2010 3rd International Congress on Image and Signal Processing},
  volume={3},
  pages={1410--1414},
  year={2010},
  organization={IEEE}
}

@article{zheng2018image,
  title={Image segmentation based on adaptive K-means algorithm},
  author={Zheng, Xin and Lei, Qinyi and Yao, Run and Gong, Yifei and Yin, Qian},
  journal={EURASIP Journal on Image and Video Processing},
  volume={2018},
  number={1},
  pages={68},
  year={2018},
  publisher={Springer}
}

@InProceedings{10.1007/978-3-540-76725-1_21,
author="G{\'o}mez, Octavio
and Gonz{\'a}lez, Jes{\'u}s A.
and Morales, Eduardo F.",
editor="Rueda, Luis
and Mery, Domingo
and Kittler, Josef",
title="Image Segmentation Using Automatic Seeded Region Growing and Instance-Based Learning",
booktitle="Progress in Pattern Recognition, Image Analysis and Applications",
year="2007",
publisher="Springer Berlin Heidelberg",
address="Berlin, Heidelberg",
pages="192--201",
isbn="978-3-540-76725-1"
}

@inproceedings{suga2008object,
  title={Object recognition and segmentation using SIFT and Graph Cuts},
  author={Suga, Akira and Fukuda, Keita and Takiguchi, Tetsuya and Ariki, Yasuo},
  booktitle={2008 19th International Conference on Pattern Recognition},
  pages={1--4},
  year={2008},
  organization={IEEE}
}

@inproceedings{girshick2014rich,
  title={Rich feature hierarchies for accurate object detection and semantic segmentation},
  author={Girshick, Ross and Donahue, Jeff and Darrell, Trevor and Malik, Jitendra},
  booktitle={Proceedings of the IEEE conference on computer vision and pattern recognition},
  pages={580--587},
  year={2014}
}

@article{uijlings2013selective,
  title={Selective search for object recognition},
  author={Uijlings, Jasper RR and Van De Sande, Koen EA and Gevers, Theo and Smeulders, Arnold WM},
  journal={International journal of computer vision},
  volume={104},
  number={2},
  pages={154--171},
  year={2013},
  publisher={Springer}
}

@article{DBLP:journals/corr/GuptaGAM14,
  author    = {Saurabh Gupta and
               Ross B. Girshick and
               Pablo Arbelaez and
               Jitendra Malik},
  title     = {Learning Rich Features from {RGB-D} Images for Object Detection and
               Segmentation},
  journal   = {CoRR},
  volume    = {abs/1407.5736},
  year      = {2014},
  url       = {http://arxiv.org/abs/1407.5736},
  archivePrefix = {arXiv},
  eprint    = {1407.5736},
  timestamp = {Mon, 04 Mar 2019 08:31:20 +0100},
  biburl    = {https://dblp.org/rec/bib/journals/corr/GuptaGAM14},
  bibsource = {dblp computer science bibliography, https://dblp.org}
}

@article{DBLP:journals/corr/MostajabiYS14,
  author    = {Mohammadreza Mostajabi and
               Payman Yadollahpour and
               Gregory Shakhnarovich},
  title     = {Feedforward semantic segmentation with zoom-out features},
  journal   = {CoRR},
  volume    = {abs/1412.0774},
  year      = {2014},
  url       = {http://arxiv.org/abs/1412.0774},
  archivePrefix = {arXiv},
  eprint    = {1412.0774},
  timestamp = {Mon, 13 Aug 2018 16:48:29 +0200},
  biburl    = {https://dblp.org/rec/bib/journals/corr/MostajabiYS14},
  bibsource = {dblp computer science bibliography, https://dblp.org}
}

@article{DBLP:journals/corr/RonnebergerFB15,
  author    = {Olaf Ronneberger and
               Philipp Fischer and
               Thomas Brox},
  title     = {U-Net: Convolutional Networks for Biomedical Image Segmentation},
  journal   = {CoRR},
  volume    = {abs/1505.04597},
  year      = {2015},
  url       = {http://arxiv.org/abs/1505.04597},
  archivePrefix = {arXiv},
  eprint    = {1505.04597},
  timestamp = {Mon, 13 Aug 2018 16:46:52 +0200},
  biburl    = {https://dblp.org/rec/bib/journals/corr/RonnebergerFB15},
  bibsource = {dblp computer science bibliography, https://dblp.org}
}

@article{DBLP:journals/corr/BadrinarayananK15,
  author    = {Vijay Badrinarayanan and
               Alex Kendall and
               Roberto Cipolla},
  title     = {SegNet: {A} Deep Convolutional Encoder-Decoder Architecture for Image
               Segmentation},
  journal   = {CoRR},
  volume    = {abs/1511.00561},
  year      = {2015},
  url       = {http://arxiv.org/abs/1511.00561},
  archivePrefix = {arXiv},
  eprint    = {1511.00561},
  timestamp = {Mon, 13 Aug 2018 16:46:06 +0200},
  biburl    = {https://dblp.org/rec/bib/journals/corr/BadrinarayananK15},
  bibsource = {dblp computer science bibliography, https://dblp.org}
}

@inproceedings{viola2001rapid,
  title={Rapid object detection using a boosted cascade of simple features},
  author={Viola, Paul and Jones, Michael},
  booktitle={Proceedings of the 2001 IEEE computer society conference on computer vision and pattern recognition. CVPR 2001},
  volume={1},
  pages={I--I},
  year={2001},
  organization={IEEE}
}

@inproceedings{dalal2005histograms,
  title={Histograms of oriented gradients for human detection},
  author={Dalal, Navneet and Triggs, Bill},
  booktitle={2005 IEEE computer society conference on computer vision and pattern recognition (CVPR'05)},
  volume={1},
  pages={886--893},
  year={2005},
  organization={IEEE}
}

@inproceedings{van2011segmentation,
  title={Segmentation as selective search for object recognition},
  author={Van de Sande, Koen EA and Uijlings, Jasper RR and Gevers, Theo and Smeulders, Arnold WM},
  booktitle={2011 International Conference on Computer Vision},
  pages={1879--1886},
  year={2011},
  organization={IEEE}
}

@inproceedings{girshick2015fast,
  title={Fast r-cnn},
  author={Girshick, Ross},
  booktitle={Proceedings of the IEEE international conference on computer vision},
  pages={1440--1448},
  year={2015}
}

@inproceedings{lin2017feature,
  title={Feature pyramid networks for object detection},
  author={Lin, Tsung-Yi and Doll{\'a}r, Piotr and Girshick, Ross and He, Kaiming and Hariharan, Bharath and Belongie, Serge},
  booktitle={Proceedings of the IEEE conference on computer vision and pattern recognition},
  pages={2117--2125},
  year={2017}
}

@article{DBLP:journals/corr/RedmonDGF15,
  author    = {Joseph Redmon and
               Santosh Kumar Divvala and
               Ross B. Girshick and
               Ali Farhadi},
  title     = {You Only Look Once: Unified, Real-Time Object Detection},
  journal   = {CoRR},
  volume    = {abs/1506.02640},
  year      = {2015},
  url       = {http://arxiv.org/abs/1506.02640},
  archivePrefix = {arXiv},
  eprint    = {1506.02640},
  timestamp = {Mon, 13 Aug 2018 16:48:08 +0200},
  biburl    = {https://dblp.org/rec/bib/journals/corr/RedmonDGF15},
  bibsource = {dblp computer science bibliography, https://dblp.org}
}

@article{DBLP:journals/corr/RenHG015,
  author    = {Shaoqing Ren and
               Kaiming He and
               Ross B. Girshick and
               Jian Sun},
  title     = {Faster {R-CNN:} Towards Real-Time Object Detection with Region Proposal
               Networks},
  journal   = {CoRR},
  volume    = {abs/1506.01497},
  year      = {2015},
  url       = {http://arxiv.org/abs/1506.01497},
  archivePrefix = {arXiv},
  eprint    = {1506.01497},
  timestamp = {Mon, 13 Aug 2018 16:46:02 +0200},
  biburl    = {https://dblp.org/rec/bib/journals/corr/RenHG015},
  bibsource = {dblp computer science bibliography, https://dblp.org}
}

@article{salscheider2019simultaneous,
  title={Simultaneous object detection and semantic segmentation},
  author={Salscheider, Niels Ole},
  journal={arXiv preprint arXiv:1905.02285},
  year={2019}
}

@article{DBLP:journals/corr/TeichmannWZCU16,
  author    = {Marvin Teichmann and
               Michael Weber and
               J. Marius Z{\"{o}}llner and
               Roberto Cipolla and
               Raquel Urtasun},
  title     = {MultiNet: Real-time Joint Semantic Reasoning for Autonomous Driving},
  journal   = {CoRR},
  volume    = {abs/1612.07695},
  year      = {2016},
  url       = {http://arxiv.org/abs/1612.07695},
  archivePrefix = {arXiv},
  eprint    = {1612.07695},
  timestamp = {Mon, 13 Aug 2018 16:48:42 +0200},
  biburl    = {https://dblp.org/rec/bib/journals/corr/TeichmannWZCU16},
  bibsource = {dblp computer science bibliography, https://dblp.org}
}

@misc{pascal-voc-2012,
	author = "Everingham, M. and Van~Gool, L. and Williams, C. K. I. and Winn, J. and Zisserman, A.",
	title = "The {PASCAL} {V}isual {O}bject {C}lasses {C}hallenge 2012 {(VOC2012)} {R}esults",
	howpublished = "http://www.pascal-network.org/challenges/VOC/voc2012/workshop/index.html"}	

@INPROCEEDINGS{Geiger2012CVPR,
  author = {Andreas Geiger and Philip Lenz and Raquel Urtasun},
  title = {Are we ready for Autonomous Driving? The KITTI Vision Benchmark Suite},
  booktitle = {Conference on Computer Vision and Pattern Recognition (CVPR)},
  year = {2012}
}
	